@misc{ceed-vt,
 author = {{Virginia Tech}},
 title = {{Center for Enhancement of Engineering Diversity (CEED)}},
 url = {https://eng.vt.edu/ceed.html},
}

@misc{women-in-computing-field,
 author = {{Erik Sherman}},
 title = {{Report: Disturbing drop in women in computing field}},
 url = {https://fortune.com/2015/03/26/report-the-number-of-women-entering-computing-took-a-nosedive/},
 year = 2015,
}

@misc{middle-school-girls-coding,
 author = {{Gaby Galvin}},
 title = {{Study: Middle School Is Key to Girls' Coding Interest}},
 url = {https://www.usnews.com/news/data-mine/articles/2016-10-20/study-computer-science-gender-gap-widens-despite-increase-in-jobs},
 year = 2016,
}

@misc{state-of-women-in-cs,
 author = {{ComputerScience.org}},
 title = {{The Current State of Women in Computer Science}},
 url = {https://www.computerscience.org/resources/women-in-computer-science/},
}

@misc{ostep-arpaci-dusseau-web,
 author = {{Remzi H. Arpaci-Dusseau and Andrea C. Arpaci-Dusseau}},
 title = {{Operating Systems: Three Easy Pieces}},
 url = {http://pages.cs.wisc.edu/~remzi/OSTEP/},
}

@misc{vtluug-web,
 author = {{VTLUUG}},
 title = {{The Linux and Unix Users Group at Virginia Tech}},
 url = {https://vtluug.org/index.html},
}

@misc{xv6-web,
 author = {{MIT}},
 title = {{Xv6, a simple Unix-like teaching operating system}},
 url = {https://pdos.csail.mit.edu/6.828/2019/xv6.html},
}

